@article{sugiyama09,
	author = {Kawahara, Yoshinobu and Masashi Sugiyama},
	title = {Change-Point Detection in Time-Series Data by Direct Density-Ratio Estimation},
	journal = {Proceedings of the SIAM International Conference on Data Mining},
    pages = {389-300},
	year = {2009}
}

@article{sugiyama08,
    author = {Sugiyama, Masashi and all},
    title = {Direct Importance Estimation with Model Selection and Its Application to Covariate Shift Adaptation},
    journal = {Annals of the Institute of Statistical Mathematics},
    volume = {60},
    pages = {699-746},
    year = {2008}
}

@article{tartakovsky06,
    author = {Tartakovsky, A.G and all},
    title = {A Novel Approach to Detection of Intrusions in Computer Networks via Adaptive Sequential and Batch-Sequential Change-Point Detection Methods},
    journal = {IEEE Transactions on Signal Processing},
    volume = {54},
    pages = {3372-3382},
    month = {September},
    year = {2006}
}

@article{staudacher05,
    author = {Staudacher, M. and all},
    title = {A New Method for Change-Point Detection Developed for On-line Analysis of the Heart Beat Variability During Sleep},
    journal = {Statistical Mechanics and its Applications},
    volume = {349},
    pages = {582-596},
    month = {April},
    year = {2005}
}

@article{bae13,
    author = {Bae, Suk Joo and Byeong Min Mun and Kyung Yong Kim},
    title = {Change-Point Detection in Failure Intensity: A Case Study With Repairable Artillery Systems},
    journal = {Computers and Industrial Engineering},
    volume = {64},
    month = {January},
    year = {2013},
    pages = {11-18}
}

@article{thatte11,
    author = {Thatte, G. and all},
    title = {Parametric Methods for Anomaly Detection in Aggregate Traffic},
    journal = {IEEE/ACM Transactions on Networking},
    pages = {512-519},
    volume = {19},
    month = {April},
    year = {2011},
}

@article{matteson12,
    author = {Matteson, David S. and Nicholas A. James},
    title = {A Nonparametric Approach for Multiple Change Point Analysis of Multivariate Data},
    year = {2012}
}

@article{moskvina03,
    author = {Moskvina, V. and A. A. Zhigjavsky},
    title = {An Algorithm Based on Singular-Spectrum Analysis for Change-Point Detection},
    journal = {Communication in Statistics. Statistics and Simulations},
    volume = {32},
    pages = {319-352},
    year = {2003}
}

@article{shewhart28,
    author = {Shewhart, W.},
    title = {Quality Control Charts},
    journal = {Bell System Technical Journal},
    pages = {593-603},
    year = {1926}
}
